<?xml version="1.0" encoding="UTF-8"?><record xmlns="http://www.loc.gov/MARC21/slim" xmlns:cinclude="http://apache.org/cocoon/include/1.0" xmlns:zs="http://www.loc.gov/zing/srw/">
  <leader>00661nz  a2200157n  4500</leader>
  <controlfield tag="001">no2012020038</controlfield>
  <controlfield tag="003">DLC</controlfield>
  <controlfield tag="005">20120211075541.0</controlfield>
  <controlfield tag="008">120209n| acannaabn          |a ana     c</controlfield>
  <datafield tag="010" ind1=" " ind2=" ">
    <subfield code="a">no2012020038</subfield>
  </datafield>
  <datafield tag="035" ind1=" " ind2=" ">
    <subfield code="a">(OCoLC)oca09111676</subfield>
  </datafield>
  <datafield tag="040" ind1=" " ind2=" ">
    <subfield code="a">IC</subfield>
    <subfield code="b">eng</subfield>
    <subfield code="c">IC</subfield>
  </datafield>
  <datafield tag="110" ind1="2" ind2=" ">
    <subfield code="a">Bank of America Theater (Chicago, Ill.)</subfield>
  </datafield>
  <datafield tag="510" ind1="2" ind2=" ">
    <subfield code="w">a</subfield>
    <subfield code="a">Sam Shubert Theatre (Chicago, Ill.)</subfield>
  </datafield>
  <datafield tag="670" ind1=" " ind2=" ">
    <subfield code="a">Majestic Theatre Various acts playbill, Sept. 11, 1911, via IC Chicago Theater Collection-Historic Programs, viewed Jan. 24, 2012</subfield>
    <subfield code="b">(name not given)</subfield>
  </datafield>
  <datafield tag="675" ind1=" " ind2=" ">
    <subfield code="a">Wikipedia, viewed Jan. 24, 2012 (Bank of America Theatre, originally Majestic Theatre in 1906, then Sam Shubert Theatre in 1945)</subfield>
  </datafield>
</record>